@misc{KaratsuWiki,
journal={Wikipédia},
title={Algorithme de Karatsuba},
howpublished ="\url{https://fr.wikipedia.org/wiki/Algorithme_de_Karatsuba}",
year={2016}
}
@misc{KaratsuUnivLyon,
journal={Cours de l'université de Lyon},
author={Xavier-Francois Roblot},
title={Arithmétique rapide, multiplication rapide par la méthode de Karatsuba},
howpublished ="\url{http://math.univ-lyon1.fr/~roblot/resources/ens_partie_2.pdf}",
}
@misc{KaratsuINRIA,
journal={Cours de l'INRIA},
title={Multiplication rapide },
howpublished ="\url{http://algo.inria.fr/bostan/mpri/Cours2.pdf}",
}
